%% This BibTeX bibliography file was created using BibDesk.
%% https://bibdesk.sourceforge.io/

%% Created for Jake Underland at 2022-07-18 22:15:34 +0900 


%% Saved with string encoding Unicode (UTF-8) 



@article{ldp-komeito-support,
	author = {Hiroko Nakanishi},
	date-added = {2022-07-18 21:28:45 +0900},
	date-modified = {2022-07-18 22:15:10 +0900},
	journal = {Nihon Operations Research Gakkai},
	title = {What percentage of votes won per prefecture can tell us},
	url = {http://www.orsj.or.jp/~archive/pdf/bul/Vol.48_01_017.pdf},
	year = {2003}}

@article{komeito-kaiken,
	date-added = {2022-07-18 19:46:03 +0900},
	date-modified = {2022-07-18 22:15:29 +0900},
	journal = {NHK},
	month = {July},
	title = {Minna to watashi no kenpou},
	url = {https://www3.nhk.or.jp/news/special/minnanokenpou/seitou/koumei.html},
	year = {2022}}

@article{grand-coalition-2017,
	author = {Thomas Escritt},
	date-added = {2022-07-18 19:31:15 +0900},
	date-modified = {2022-07-18 19:33:19 +0900},
	journal = {Reuters},
	month = {February},
	title = {Few cheers at home for Germany's last-resort coalition},
	year = {2018}}

@book{formal-methods,
	author = {Gehlbach, Scott},
	collection = {Analytical Methods for Social Research},
	doi = {10.1017/CBO9781139045544},
	place = {Cambridge},
	publisher = {Cambridge University Press},
	series = {Analytical Methods for Social Research},
	title = {Formal Models of Domestic Politics},
	year = {2013},
	bdsk-url-1 = {https://doi.org/10.1017/CBO9781139045544}}
